@misc{sql,
title = "vogella - AndroidSQLite",
howpublished =  "http://www.vogella.com/articles/AndroidSQLite/article.html"
}

@misc{android,
title = "Android API Guides",
howpublished =  "http://developer.android.com/guide/components/index.htmll"
}

@misc{xml,
title = "Tratamiento de Xml en Android",
howpublished = " http://blog.vidasconcurrentes.com/android/tratamiento-de-xml-en-android-lectura-y-escritura/"
}


@misc{uml,
title = "Herramienta de diagramacion UML",
howpublished = "https://www.lucidchart.com/"
}